<record><leader>00000cas a22000007a 4500</leader><controlfield tag="001">15673869</controlfield><controlfield tag="008">870512d19uu1981iauwr ne      0    0eng d</controlfield><datafield ind1=" " ind2=" " tag="010"><subfield code="a">sn 87057288 </subfield></datafield><datafield ind1=" " ind2=" " tag="040"><subfield code="a">INP</subfield><subfield code="b">eng</subfield><subfield code="c">INP</subfield><subfield code="d">OCLCQ</subfield></datafield><datafield ind1=" " ind2=" " tag="042"><subfield code="a">msc</subfield></datafield><datafield ind1="0" ind2="0" tag="245"><subfield code="a">Moulton weekly tribune.</subfield></datafield><datafield ind1=" " ind2=" " tag="260"><subfield code="a">Moulton, Iowa :</subfield><subfield code="b">[s.n.],</subfield><subfield code="c">-1981.</subfield></datafield><datafield ind1=" " ind2=" " tag="300"><subfield code="a">v.</subfield></datafield><datafield ind1=" " ind2=" " tag="310"><subfield code="a">Weekly</subfield></datafield><datafield ind1="0" ind2=" " tag="362"><subfield code="a">-v. 98, no. 32 (Aug. 12, 1981).</subfield></datafield><datafield ind1=" " ind2=" " tag="588"><subfield code="a">Description based on: Vol. 40, no. 3 (Mar. 2, 1923).</subfield></datafield><datafield ind1=" " ind2=" " tag="752"><subfield code="a">United States</subfield><subfield code="b">Iowa</subfield><subfield code="c">Appanoose</subfield><subfield code="d">Moulton.</subfield></datafield><datafield ind1="0" ind2="0" tag="780"><subfield code="t">Weekly tribune (Moulton, Iowa)</subfield><subfield code="w">(DLC)sn 87057287</subfield></datafield><datafield ind1="0" ind2="0" tag="785"><subfield code="t">Moulton tribune (Moulton, Iowa : 1981)</subfield><subfield code="w">(DLC)sn 87057289</subfield></datafield></record>